
% Early model fitting effort by Kuijken:
@ARTICLE{Kuijken1999,
   author = {{Kuijken}, K.},
    title = "{Weak weak lensing: correcting weak shear measurements accurately for PSF anisotropy}",
  journal = {\aap},
   eprint = {astro-ph/9904418},
 keywords = {METHODS: DATA ANALYSIS, COSMOLOGY: GRAVITATIONAL LENSING},
     year = 1999,
    month = dec,
   volume = 352,
    pages = {355-362},
   adsurl = {http://adsabs.harvard.edu/abs/1999A%26A...352..355K},
  adsnote = {Provided by the SAO/NASA Astrophysics Data System}
}

% Another early attempt, im2shape:
@INPROCEEDINGS{Bridle++2002,
   author = {{Bridle}, S.~L. and {Kneib}, J.-P. and {Bardeau}, S. and {Gull}, S.~F.
	},
    title = "{Bayesian Galaxy Shape Estimation}",
 keywords = {Galaxies, gravitational lensing},
booktitle = {The Shapes of Galaxies and their Dark Halos},
     year = 2002,
   editor = {{Natarajan}, P.},
    month = mar,
    pages = {38-46},
      doi = {10.1142/9789812778017_0006},
   adsurl = {http://adsabs.harvard.edu/abs/2002sgdh.conf...38B},
  adsnote = {Provided by the SAO/NASA Astrophysics Data System}
}

% Lensfit paper 1 - method paper
@ARTICLE{Miller++2007,
   author = {{Miller}, L. and {Kitching}, T.~D. and {Heymans}, C. and {Heavens}, A.~F. and 
	{van Waerbeke}, L.},
    title = "{Bayesian galaxy shape measurement for weak lensing surveys - I. Methodology and a fast-fitting algorithm}",
  journal = {\mnras},
archivePrefix = "arXiv",
   eprint = {0708.2340},
 keywords = {gravitational lensing, methods: data analysis, methods: statistical, techniques: miscellaneous},
     year = 2007,
    month = nov,
   volume = 382,
    pages = {315-324},
      doi = {10.1111/j.1365-2966.2007.12363.x},
   adsurl = {http://adsabs.harvard.edu/abs/2007MNRAS.382..315M},
  adsnote = {Provided by the SAO/NASA Astrophysics Data System}
}

% Application of Lensfit to CFHTLens data:
@ARTICLE{Miller++2013,
   author = {{Miller}, L. and {Heymans}, C. and {Kitching}, T.~D. and {van Waerbeke}, L. and 
	{Erben}, T. and {Hildebrandt}, H. and {Hoekstra}, H. and {Mellier}, Y. and 
	{Rowe}, B.~T.~P. and {Coupon}, J. and {Dietrich}, J.~P. and 
	{Fu}, L. and {Harnois-D{\'e}raps}, J. and {Hudson}, M.~J. and 
	{Kilbinger}, M. and {Kuijken}, K. and {Schrabback}, T. and {Semboloni}, E. and 
	{Vafaei}, S. and {Velander}, M.},
    title = "{Bayesian galaxy shape measurement for weak lensing surveys - III. Application to the Canada-France-Hawaii Telescope Lensing Survey}",
  journal = {\mnras},
archivePrefix = "arXiv",
   eprint = {1210.8201},
 primaryClass = "astro-ph.CO",
 keywords = {gravitational lensing: weak, methods: data analysis, methods: statistical, cosmology: observations},
     year = 2013,
    month = mar,
   volume = 429,
    pages = {2858-2880},
      doi = {10.1093/mnras/sts454},
   adsurl = {http://adsabs.harvard.edu/abs/2013MNRAS.429.2858M},
  adsnote = {Provided by the SAO/NASA Astrophysics Data System}
}

% Noise bias? noted by Melchior and Viola
@ARTICLE{Melchior+Viola2012,
   author = {{Melchior}, P. and {Viola}, M.},
    title = "{Means of confusion: how pixel noise affects shear estimates for weak gravitational lensing}",
  journal = {\mnras},
archivePrefix = "arXiv",
   eprint = {1204.5147},
 primaryClass = "astro-ph.IM",
 keywords = {gravitational lensing: weak, techniques: image processing },
     year = 2012,
    month = aug,
   volume = 424,
    pages = {2757-2769},
      doi = {10.1111/j.1365-2966.2012.21381.x},
   adsurl = {http://adsabs.harvard.edu/abs/2012MNRAS.424.2757M},
  adsnote = {Provided by the SAO/NASA Astrophysics Data System}
}

% Limitations of Im2Shape method (simple model fitting)
@ARTICLE{Voigt+Bridle2010,
   author = {{Voigt}, L.~M. and {Bridle}, S.~L.},
    title = "{Limitations of model-fitting methods for lensing shear estimation}",
  journal = {\mnras},
archivePrefix = "arXiv",
   eprint = {0905.4801},
 primaryClass = "astro-ph.CO",
 keywords = {gravitational lensing, methods: data analysis, cosmology: observations},
     year = 2010,
    month = may,
   volume = 404,
    pages = {458-467},
      doi = {10.1111/j.1365-2966.2010.16300.x},
   adsurl = {http://adsabs.harvard.edu/abs/2010MNRAS.404..458V},
  adsnote = {Provided by the SAO/NASA Astrophysics Data System}
}

% "Noise bias" in simple model fits:
@ARTICLE{Refregier++2012,
   author = {{Refregier}, A. and {Kacprzak}, T. and {Amara}, A. and {Bridle}, S. and 
	{Rowe}, B.},
    title = "{Noise bias in weak lensing shape measurements}",
  journal = {\mnras},
archivePrefix = "arXiv",
   eprint = {1203.5050},
 primaryClass = "astro-ph.CO",
 keywords = {gravitational lensing: weak, methods: statistical, techniques: image processing, cosmology: observations, dark energy, dark matter },
     year = 2012,
    month = sep,
   volume = 425,
    pages = {1951-1957},
      doi = {10.1111/j.1365-2966.2012.21483.x},
   adsurl = {http://adsabs.harvard.edu/abs/2012MNRAS.425.1951R},
  adsnote = {Provided by the SAO/NASA Astrophysics Data System}
}

% Companion paper describing calibration using simulations:
@ARTICLE{Kacprzak++2012,
   author = {{Kacprzak}, T. and {Zuntz}, J. and {Rowe}, B. and {Bridle}, S. and 
	{Refregier}, A. and {Amara}, A. and {Voigt}, L. and {Hirsch}, M.
	},
    title = "{Measurement and calibration of noise bias in weak lensing galaxy shape estimation}",
  journal = {\mnras},
archivePrefix = "arXiv",
   eprint = {1203.5049},
 primaryClass = "astro-ph.CO",
 keywords = {gravitational lensing: weak, methods: data analysis, methods: statistical, techniques: image processing, cosmology: observations},
     year = 2012,
    month = dec,
   volume = 427,
    pages = {2711-2722},
      doi = {10.1111/j.1365-2966.2012.21622.x},
   adsurl = {http://adsabs.harvard.edu/abs/2012MNRAS.427.2711K},
  adsnote = {Provided by the SAO/NASA Astrophysics Data System}
}

% Im3shape paper - culmination of the Bridle group work
@ARTICLE{Zuntz++2013,
   author = {{Zuntz}, J. and {Kacprzak}, T. and {Voigt}, L. and {Hirsch}, M. and 
	{Rowe}, B. and {Bridle}, S.},
    title = "{IM3SHAPE: a maximum likelihood galaxy shear measurement code for cosmic gravitational lensing}",
  journal = {\mnras},
archivePrefix = "arXiv",
   eprint = {1302.0183},
 primaryClass = "astro-ph.CO",
 keywords = {gravitational lensing: weak, methods: data analysis, methods: statistical, techniques: image processing, cosmology: observations, dark energy},
     year = 2013,
    month = sep,
   volume = 434,
    pages = {1604-1618},
      doi = {10.1093/mnras/stt1125},
   adsurl = {http://adsabs.harvard.edu/abs/2013MNRAS.434.1604Z},
  adsnote = {Provided by the SAO/NASA Astrophysics Data System}
}

% More on noise and model bias - interaction between them:
@ARTICLE{Kacprzak++2013,
   author = {{Kacprzak}, T. and {Bridle}, S. and {Rowe}, B. and {Voigt}, L. and 
	{Zuntz}, J. and {Hirsch}, M. and {MacCrann}, N.},
    title = "{S$\backslash$'$\{$e$\}$rsic galaxy models in weak lensing shape measurement: model bias, noise bias and their interaction}",
  journal = {ArXiv e-prints},
archivePrefix = "arXiv",
   eprint = {1308.4663},
 primaryClass = "astro-ph.CO",
 keywords = {Astrophysics - Cosmology and Extragalactic Astrophysics},
     year = 2013,
    month = aug,
   adsurl = {http://adsabs.harvard.edu/abs/2013arXiv1308.4663K},
  adsnote = {Provided by the SAO/NASA Astrophysics Data System}
}

% Gary B interprets biases noted by Voigt and Melchior, introduces cutoff
% in Fourier space, good results at low noise...
@ARTICLE{Bernstein2010,
   author = {{Bernstein}, G.~M.},
    title = "{Shape measurement biases from underfitting and ellipticity gradients}",
  journal = {\mnras},
archivePrefix = "arXiv",
   eprint = {1001.2333},
 primaryClass = "astro-ph.IM",
 keywords = {gravitational lensing: weak, techniques: image processing, methods: data analysis},
     year = 2010,
    month = aug,
   volume = 406,
    pages = {2793-2804},
      doi = {10.1111/j.1365-2966.2010.16883.x},
   adsurl = {http://adsabs.harvard.edu/abs/2010MNRAS.406.2793B},
  adsnote = {Provided by the SAO/NASA Astrophysics Data System}
}

% Assigning intrinsic shape prior, and marginalising out approximately
@ARTICLE{Bernstein+Armstrong2013,
   author = {{Bernstein}, G.~M. and {Armstrong}, R.},
    title = "{Bayesian Lensing Shear Measurement}",
  journal = {ArXiv e-prints},
archivePrefix = "arXiv",
   eprint = {1304.1843},
 primaryClass = "astro-ph.CO",
 keywords = {Astrophysics - Cosmology and Extragalactic Astrophysics},
     year = 2013,
    month = apr,
   adsurl = {http://adsabs.harvard.edu/abs/2013arXiv1304.1843B},
  adsnote = {Provided by the SAO/NASA Astrophysics Data System}
}
